%
% Modified by Madan Lamichhane
% Last Change: Jan Thus 27 2016 13:00 EST
%



@article{Born1912,
  author =	 {M. Born and TH. Von Karman},
  journal = 	 {Physik},
  year = 	 {1912},
  volume =	 {Z},
  number =	 {13},
  pages =	 {297}
}
@article{Perram88,
author = { John W.   Perram  and  Henrik G.   Petersen  and  Simon W.   De Leeuw },
title = {An algorithm for the simulation of condensed matter which grows as the 3/2 power of the number of particles},
journal = {Mol. Phys.},
volume = {65},
number = {4},
pages = {875-893},
year = {1988},
}


@article {Shimada93,
author = {Shimada, Jiro and Kaneko, Hiroki and Takada, Toshikazu},
title = {Efficient calculations of coulombic interactions in biomolecular simulations with periodic boundary conditions},
journal = {J. Comput. Chem.},
volume = {14},
number = {7},
publisher = {John Wiley & Sons, Inc.},
pages = {867--878},
year = {1993},
}


@article{Luty95,
   author = "Luty, Brock A. and Tironi, Ilario G. and Van Gunsteren, Wilfred F.",
   title = "Lattice‐sum methods for calculating electrostatic interactions in molecular simulations",
   journal = "J. Chem. Phys.",
   year = "1995",
   volume = "103",
   number = "8", 
   pages = "3014-3021",
}

@article{Darden93,
   author = "Darden, Tom and York, Darrin and Pedersen, Lee",
   title = "Particle mesh Ewald: An Nlog(N) method for Ewald sums in large systems",
   journal = "J. Chem. Phys.",
   year = "1993",
   volume = "98",
   number = "12", 
   pages = "10089-10092",
}
@article{Essmann95,
   author = "Essmann, Ulrich and Perera, Lalith and Berkowitz, Max L. and Darden, Tom and Lee, Hsing and Pedersen, Lee G.",
   title = "A smooth particle mesh Ewald method",
   journal = "J. Chem. Phys.",
   year = "1995",
   volume = "103",
   number = "19", 
   pages = "8577-8593", 
}
@article{Wolf99,
   author = "Wolf, D. and Keblinski, P. and Phillpot, S. R. and Eggebrecht, J.",
   title = "Exact method for the simulation of Coulombic systems by spherically truncated, pairwise r−1 summation",
   journal = "J. Chem. Phys.",
   year = "1999",
   volume = "110",
   number = "17", 
   pages = "8254-8282",
}

@article{Zahn02,
author = {Dirk, Zahn  and Bernd, Schilling and Stefan, M. Kast},
title = {Enhancement of the Wolf Damped Coulomb Potential:  Static, Dynamic, and Dielectric Properties of Liquid Water from Molecular Simulation},
journal = {J. Phys. Chem. B},
volume = {106},
number = {41},
pages = {10725-10732},
year = {2002},    
}

@article{Gezelter06,
   author = "Fennell, Christopher J. and Gezelter, J. Daniel",
   title = "Is the Ewald summation still necessary? Pairwise alternatives to the accepted standard for long-range electrostatics",
   journal = "J. Chem. Phys.",
   year = "2006",
   volume = "124",
   number = "23", 
   eid = 234104,
   pages = "234104",
}
@article{Roberts95,
	Author = {J.~E. Roberts and J. Schnitker},
	Journal = {J. Phys. Chem.},
	Pages = {1322-1331},
	Title = {Boundary Conditions in Sumulations of Aqueous Ionic Solutions: A Systematic Study},
	Volume = {99},
	Year = {1995},
}
@article{Roberts94,
	Author = {J.~E. Roberts and J. Schnitker},
	Journal = {J. Chem. Phys.},
	Number = {6},
	Pages = {5024-5031},
	Title = {How the unit cell surface charge distriubution affects the energetics of ion-solvent interactions in simulations},
	Volume = {101},
	Year = {1994},
}

@article{Luty96,
	Author = {B.~A. Luty and W.~F. {van~Gunsteren}},
	Journal = {J. Phys. Chem.},
	Number = {7},
	Pages = {2581-2587},
	Title = {Calculating Electrostatic Interactions Using the Particle-Particle Particle-Mesh Method with Nonperiodic Long-Range Interactions},
	Volume = {100},
	Year = {1996},
}

@article{Hunenberger99a,
	Author = {P.~H. H\"{u}nenberger and J.~A. McCammon},
	Journal = {J. Chem. Phys.},
	Number = {4},
	Pages = {1856-1872},
	Title = {Ewald artifacts in computer simulations of ionic solvation and ion -- ion interaction: A continuum electrostatics study},
	Volume = {110},
	Year = {1999},
}

@article{Hunenberger99b,
	Author = {P.~H. H\"{u}nenberger and J.~A. McCammon},
	Journal = {Biophys. Chem.},
	Pages = {69-88},
	Title = {Effect of artificial periodicity in simulations of biomolecules under Ewald boundary conditions: a continuum electrostatics study},
	Volume = {78},
	Year = {1999},
}

@article{Weber00,
	Author = {W. Weber and P.~H. H\"{u}nenberger and J.~A. McCammon},
	Journal = {J. Phys. Chem. B},
	Number = {15},
	Pages = {3668-3675},
	Title = {Molecular Dynamics Simulations of a Polyalanine Octapeptide under Ewald Boundary Conditions: Influence of Artificial Periodicity on Peptide Conformation},
	Volume = {104},
	Year = {2000},
}

@MISC{Allen04,
    author = {Michael P. Allen},
    title = {Introduction to molecular dynamics simulation},
    year = {2004}
    volume = {23}
    pages = {1-28}
}
@article{Metropolis53,
   author = "Metropolis, Nicholas and Rosenbluth, Arianna W. and Rosenbluth, Marshall N. and Teller, Augusta H. and Teller, Edward",
   title = "Equation of State Calculations by Fast Computing Machines",
   journal = "J. Chem. Phys.",
   year = "1953",
   volume = "21",
   number = "6", 
   pages = "1087-1092",
}

@book{Allen89,
 author = {Allen, M. P. and Tildesley, D. J.},
 title = {Computer Simulation of Liquids},
 year = {1989},
 isbn = {0-19-855645-4},
 publisher = {Clarendon Press},
 address = {New York, NY, USA},
} 
@article{Toukmaji96,
title = "Ewald summation techniques in perspective: a survey ",
journal = "Comput. Phys. Commun.",
volume = "95",
number = "2–3",
pages = "73 - 92",
year = "1996",
author = "Abdulnour Y. Toukmaji and John A. Board Jr.",
}
@article{Jacobs92,
author = { Z. A.   Rycerz  and  P. W. M.   Jacobs },
title = {Ewald Summation in the Molecular Dynamics Simulation of Large Ionic Systems},
journal = {Mol. Simul.},
volume = {8},
number = {3-5},
pages = {197-213},
year = {1992},
}

@article{Luty94,
author = { Brock A.   Luty  and  Malcolm E.   Davis  and  Ilario G.   Tironi  and  Wilfred F.   Van Gunsteren },
title = {A Comparison of Particle-Particle, Particle-Mesh and Ewald Methods for Calculating Electrostatic Interactions in Periodic Molecular Systems},
journal = {Mol. Simul.},
volume = {14},
number = {1},
pages = {11-20},
year = {1994},
}

@article{Rajagopal94,
title = "An Optimized Ewald Method for Long-Ranged Potentials ",
journal = "J. Comput. Phys.",
volume = "115",
number = "2",
pages = "399 - 405",
year = "1994",
note = "",
author = "G. Rajagopal and R.J. Needs"
}
@book{Hockney88,
  title={Computer simulation using particles},
  author={Hockney, Roger W and Eastwood, James W},
  year={1988},
  publisher={CRC Press}
}
@article{Fukuda13,
	Author = {Fukuda, Ikuo},
	Eid = 174107,
	Journal = "J. Chem. Phys.",
	Number = {17},
	Pages = "174107",
	Title = {Zero-multipole summation method for efficiently estimating electrostatic interactions in molecular system},
	Volume = {139},
	Year = {2013},
	}

@article{Fukuda12,
	Author = {Fukuda, Ikuo and Kamiya, Narutoshi and Yonezawa, Yasushige and Nakamura, Haruki},
	Eid = 054314,
	Journal = "J. Chem. Phys.",
	Number = {5},
	Pages = "054314",
	Title = {Simple and accurate scheme to compute electrostatic interaction: Zero-dipole summation technique for molecular system and application to bulk water},
	Volume = {137},
	Year = {2012},
	}

@article{Fukuda11,
	Author = {Fukuda, Ikuo and Yonezawa, Yasushige and Nakamura, Haruki},
	Eid = 164107,
	Journal = "J. Chem. Phys.",
	Number = {16},
	Pages = "164107",
	Title = {Molecular dynamics scheme for precise estimation of electrostatic interaction via zero-dipole summation principle},
	Volume = {134},
	Year = {2011},
	}

@article{Lamichhane14_I,
   author = "Lamichhane, Madan and Gezelter, J. Daniel and Newman, Kathie E.",
   title = "Real space electrostatics for multipoles. I. Development of methods",
   journal = "J. Chem. Phys.",
   year = "2014",
   volume = "141",
   number = "13", 
   eid = 134109,
   pages = "134109",
}
@article{Lamichhane14_II,
   author = "Lamichhane, Madan and Newman, Kathie E. and Gezelter, J. Daniel",
   title = "Real space electrostatics for multipoles. II. Comparisons with the Ewald sum",
   journal = "J. Chem. Phys.",
   year = "2014",
   volume = "141",
   number = "13", 
   eid = 134110,
   pages = "134110",
}

@article{Kast03,
	Author = {S.~M. Kast and K.~F. Schmidt and B. Schilling},
	Journal = "Chem. Phys. Lett.",
	Pages = {398-404},
	Title = {Integral Equation Theory for Correcting Truncation Errors in Molecular Simulations},
	Volume = {367},
	Year = {2003},
	}

@article{Beck05,
	Affiliation = {Biomolecular Structure and Design Program, University of Washington, Seattle, Washington 98195-7610, And Department of Medicinal Chemistry, University of Washington, Seattle, Washington 98195-7610},
	Author = {Beck, D.A.C. And Armen, R.S. And Daggett, V.},
	Journal = {Biochem.},
	Number = {2},
	Pages = {609-616},
	Title = {Cutoff Size Need Not Strongly Influence Molecular Dynamics Results for Solvated Polypeptides},
	Volume = {44},
	Year = {2005},
	}

@article{Ma05,
	Author = {Y. Ma and S.~H. Garofalini},
	Journal = {Mol. Simul.},
	Number = 11,
	Pages = {739-748},
	Title = {Modified Wolf electrostatic summation: Incorporating an empirical charge overlap},
	Volume = 31,
	Year = 2005}

@article{Chen04,
	Author = {Chen, YG and Kaur, C and Weeks, JD},
	Journal = {J. Phys. Chem. B},
	Pages = {19874-19884},
	Publisher = {AMER CHEMICAL SOC},
	Timescited = {5},
	Title = {Connecting systems with short and long ranged interactions: Local molecular field theory for ionic fluids},
	Volume = {108},
	Year = {2004},
	}

@article{Chen06,
	Author = {Chen, YG and Weeks, JD},
	Journal = "Proc. Natl. Acad. Sci.",
	Keywords = {effective short-ranged model; ion pairing; mean field theory; Poission-Boltzmann},
	Pages = {7560-7565},
	Publisher = {NATL ACAD SCIENCES},
	Title = {Local molecular field theory for effective attractions between like charged objects in systems with strong Coulomb interactions},
	Volume = {103},
	Year = {2006},
	}

@article{Rodgers06,
	Author = {Rodgers, Jocelyn M. and Kaur, Charanbir and Chen, Yng-Gwei and Weeks, John D.},
	Journal = {Phys. Rev. Lett.},
	Month = {Aug},
	Pages = {097801},
	Publisher = {American Physical Society},
	Title = {Attraction Between Like-Charged Walls: Short-Ranged Simulations Using Local Molecular Field Theory},
	Volume = {97},
	Year = {2006},
	}

@article{Denesyuk08,
	Author = {Denesyuk, Natalia A. and Weeks, John D.},
	Journal = {J. Chem. Phys.},
	Publisher = {AMER INST PHYSICS},
	Title = {A new approach for efficient simulation of {C}oulomb interactions in ionic fluids},
	Volume = {128},
	Year = {2008},
	Pages = {124109},
	}

@article{Izvekov08,
	Author = {Izvekov, Sergei and Swanson, Jessica M. J. and Voth, Gregory A.},
	Journal = "J. Phys. Chem. B",
	Pages = {4711-4724},
	Publisher = {AMER CHEMICAL SOC},
	Title = {Coarse-graining in interaction space: A systematic approach for replacing long-range electrostatics with short-range Potentials},
	Volume = {112},
	Year = {2008},
	}

@article{Hansen12,
	Author = {Hansen, J. S. and Schroder, Thomas B. and Dyre, Jeppe C.},
	Journal = "J. Phys. Chem. B",
	Pages = {5738--5743},
	Title = {Simplistic {C}oulomb Forces in Molecular Dynamics: Comparing the {W}olf and Shifted-Force Approximations},
	Volume = {116},
	Year = {2012},
	}

@article{Shi13,
	Author = {Shi, Wei and Luebke, David R.},
	Journal = {Langmuir},
	Number = {18},
	Pages = {5563-5572},
	Title = {Enhanced Gas Absorption in the Ionic Liquid 1-n-Hexyl-3-methylimidazolium Bis(trifluoromethylsulfonyl)amide ([hmim][{Tf2N}]) Confined in Silica Slit Pores: A Molecular Simulation Study},
	Volume = {29},
	Year = {2013},
	}

@article{McCann13,
	Author = {McCann, Billy W. and Acevedo, Orlando},
	Journal = "J. Chem. Theory Comput.",
	Pages = {944--950},
	Title = {Pairwise Alternatives to {E}wald Summation for Calculating Long-Range Electrostatics in Ionic Liquids},
	Volume = {9},
	Year = {2013},
	}

@article{Kannam13,
	Author = {Sridhar Kumar Kannam and B. D. Todd and J. S. Hansen and Peter J. Daivis},
	Journal = "J. Chem. Phys.",
	Keywords = {carbon nanotubes; flow simulation; molecular dynamics method; nonequilibrium flow; pipe flow; slip flow; water},
	Number = {9},
	Pages = {094701},
	Publisher = {AIP},
	Title = {How fast does water flow in carbon nanotubes?},
	Volume = {138},
	Year = {2013},
	}

@article{Forrest12,
	Author = {Forrest, Katherine A. and Pham, Tony and McLaughlin, Keith and Belof, Jonathan L. and Stern, Abraham C. and Zaworotko, Michael J. and Space, Brian},
	Journal = "J. Phys. Chem. C",
	Number = {29},
	Pages = {15538--15549},
	Publisher = {American Chemical Society},
	Title = {Simulation of the Mechanism of Gas Sorption in a Metal--Organic Framework with Open Metal Sites: Molecular Hydrogen in PCN-61},
	Volume = {116},
	Year = {2012},
	}

@article{English08,
	Author = {English, Niall J.},
	Journal = "Mol. Phys.",
	Pages = {1887--1898},
	Title = {Effect of electrostatics techniques on the estimation of thermal conductivity via equilibrium molecular dynamics simulation: application to methane hydrate},
	Volume = {106},
	Year = {2008},
	Bdsk-Url-1 = {http://ws.isiknowledge.com/cps/openurl/service?url_ver=Z39.88-2004&rft_id=info:ut/000260831600006}}

@article{Louden13,
	Author = {Louden, Patrick. and Schoenborn, R. and Lawrence, Christopher. P.},
	Journal = {Fluid Phase Equilib.},
	Keywords = {Water; Condensation coefficient; Molecular dynamics},
	Number = {0},
	Pages = {83--86},
	Title = {Molecular dynamics simulations of the condensation coefficient of water},
	Volume = {349},
	Year = {2013},
	}

@article{Tokumasu13,
	Author = {Tokumasu, Takashi and Meurisse, Marie-Helene and Fillot, Nicolas and Vergne, Philippe},
	Journal = {Tribol. Int.},
	Pages = {10--16},
	Title = {A molecular dynamics study of a nanoscale liquid bridge under shear},
	Volume = {59},
	Year = {2013},
	}

@article{Golubkov06,
	Author = {Pavel A. Golubkov and Rengyu Ren},
	Journal = "J. Chem. Phys.",
	Pages = 064103,
	Title = {Generalized coarse-grained model based on point multipole and {G}ay-{B}erne potentials},
	Volume = 125,
	Year = 2006}

@article{Orsi10,
	Author = {Orsi, Mario and Michel, Julien and Essex, Jonathan W.},
	Journal = {J. Phys. Cond. Matt.},
	Number = {{15}},
	Pages = {{155106}},
	Title = {{Coarse-grain modelling of DMPC and DOPC lipid bilayers}},
	Volume = {{22}},
	Year = {{2010}},
	}

@article{Orsi11,
	Author = {Orsi, Mario and Essex, Jonathan W.},
	Journal = {{PLoS One}},
	Journal-Iso = {{PLoS One}},
	Number = {{12}},
	Number-Of-Cited-References = {{154}},
	Pages = {{e28637}},
	Title = {{The ELBA Force Field for Coarse-Grain Modeling of Lipid Membranes}},
	Type = {{Article}},
	Volume = {{6}},
	Year = {{2011}},
	}

@article{Chowdhuri06,
	Author = {Chowdhuri, Snehasis and Tan, Ming-Liang and Ichiye, Toshiko},
	Journal = "J. Chem. Phys.",
	Number = {14},
	Pages = {144513},
	Title = {Dynamical Properties of the Soft Sticky Dipole-Quadrupole-Octupole Water Model: A Molecular Dynamics Study},
	Volume = {125},
	Year = {2006},
	}

@article{Te10vn,
	Author = {Te, Jerez A. and Ichiye, Toshiko},
	Journal = "Chem. Phys. Lett.",
	Number = {4-6},
	Pages = {219--225},
	Title = {Understanding structural effects of multipole moments on aqueous solvation of ions using the soft-sticky dipole-quadrupole-octupole water model},
	Volume = {499},
	Year = {2010},
	}

@article{Te10ys,
	Author = {Te, Jerez A. and Ichiye, Toshiko},
	Journal = "J. Chem. Phys.",
	Number = {11},
	Pages = {114511},
	Title = {Temperature and pressure dependence of the optimized soft-sticky dipole-quadrupole-octupole water model},
	Volume = {132},
	Year = {2010},
	}

@article{Te10rt,
	Author = {Te, Jerez A. and Tan, Ming-Liang and Ichiye, Toshiko},
	Journal = Chem. Phys. Lett.,
	Number = {4-6},
	Pages = {218--223},
	Title = {Solvation of glucose, trehalose, and sucrose by the soft-sticky dipole-quadrupole-octupole water model},
	Volume = {491},
	Year = {2010},
	}

@article{Ichiye06,
	Author = {Ichiye, Toshiko and Tan, Ming-Liang},
	Journal = "J. Chem. Phys.",
	Number = {13},
	Pages = {134504--10},
	Publisher = {Aip},
	Title = {Soft Sticky Dipole-Quadrupole-Octupole Potential Energy Function for Liquid Water: An Approximate Moment Expansion},
	Volume = {124},
	Year = {2006},
	}

@article{Ponder10,
	Author = {Ponder, Jay W and Wu, Chuanjie and Ren, Pengyu and Pande, Vijay S and Chodera, John D and Schnieders, Michael J and Haque, Imran and Mobley, David L and Lambrecht, Daniel S and DiStasio, Jr, Robert A and Head-Gordon, Martin and Clark, Gary N I and Johnson, Margaret E and Head-Gordon, Teresa},
	Journal = "J. Phys. Chem. B",
	Number = {8},
	Pages = {2549-64},
	Title = {Current status of the {AMOEBA} polarizable force field},
	Volume = {114},
	Year = {2010},
	}

@article{schnieders07,
	Author = {Michael J. Schnieders and Nathan A. Baker and Pengyu Ren and Jay W. Ponder},
	Eid = {124114},
	Journal = jcp,
	Number = {12},
	Pages = {124114},
	Publisher = {AIP},
	Title = {Polarizable atomic multipole solutes in a Poisson-Boltzmann continuum},
	Volume = {126},
	Year = {2007},
	}

@article{Ren11,
	Author = {Ren, Pengyu and Wu, Chuanjie and Ponder, Jay W},
	Journal = "J. Chem. Theory Comput.",
	Number = {10},
	Pages = {3143-3161},
	Title = {Polarizable Atomic Multipole-based Molecular Mechanics for Organic Molecules},
	Volume = {7},
	Year = {2011},
	}

@article{deLeeuw80,
	Author = {S.~W. {de Leeuw} and J.~W. Perram and E.~R. Smith},
	Journal = {Proc. R. Soc. London Ser. A},
	Number = {1752},
	Pages = {27-56},
	Title = {Simulation of Electostatic Systems in Periodic Boundary Conditions. \uppercase{I. L}attice Sums and Dielectric Constants},
	Volume = {373},
	Year = {1980}}

@article{Price84,
	Author = {Price, S.L. and Stone, A.J. and Alderton, M.},
	Journal = "Mol. Phys.",
	Number = {4},
	Pages = {987-1001},
	Title = {Explicit formulae for the electrostatic energy, forces and torques between a pair of molecules of arbitrary symmetry},
	Volume = {52},
	Year = {1984},
	}

@article{Allen06,
	Author = {Allen, Michael P. and Germano, Guido},
	Journal = "Mol. Phys.",
	Number = {20-21},
	Pages = {3225-3235},
	Title = {Expressions for forces and torques in molecular simulations using rigid bodies},
	Volume = {104},
	Year = {2006},
	}

@misc{supplemental,
	Date-Added = {2014-07-24 17:34:56 +0000},
	Date-Modified = {2014-07-24 17:39:56 +0000},
	Title = {See Supplementary Material Document No. \underline{\hspace{1in}} for body-frame expressions and converged energy constants.}}

@article{Smith81,
	Author = {E.~R. Smith},
	Journal = {Proc. R. Soc. London Ser. A},
	Pages = {475-505},
	Title = {Electrostatic Energy in Ionic Crystals},
	Volume = {375},
	Year = {1981}}

@article{Smith82,
	Author = {W. Smith},
	Journal = {CCP5 Information Quarterly},
	Pages = {13-25},
	Title = {Point multipoles in the \uppercase{E}wald summation},
	Volume = 4,
	Year = 1982}

@article{Smith96,
	Author = {W. Smith and T. Forester},
	Journal = {J. Molec. Graphics.},
	Number = 3,
	Pages = {136-141},
	Title = {\uppercase{DL\_POLY\_2.0: A} general-purpose parallel molecular dynamics simulation package},
	Volume = 14,
	Year = 1996}

@article{Smith98,
	Author = {W. Smith},
	Journal = {CCP5 Information Quarterly},
	Pages = {18-30},
	Title = {Point multipoles in the \uppercase{E}wald summation (Revisited)},
	Volume = {46},
	Year = {1998}}

@article{Aguado03,
	Author = {A. Aguado and P.~A. Madden},
	Journal = {J. Chem. Phys.},
	Number = {14},
	Pages = {7471-7483},
	Title = {Ewald summation of electrostatic multipole interactions up to the quadrupolar level},
	Volume = {119},
	Year = {2003},
	}

@article{Sauer,
	Author = {Sauer, J. A.},
	Journal = {Phys. Rev.},
	Pages = {142--146},
	Publisher = {American Physical Society},
	Title = {Magnetic Energy Constants of Dipolar Lattices},
	Volume = {57},
	Year = {1940},
	}

@article{LT,
	Author = {Luttinger, J. M. and Tisza, L.},
	Journal = {Phys. Rev.},
	Month = {Dec},
	Pages = {954--964},
	Publisher = {American Physical Society},
	Title = {Theory of Dipole Interaction in Crystals},
	Volume = {70},
	Year = {1946},
	}

@article{LT2,
	Author = {Luttinger, J. M. and Tisza, Laszo},
	Journal = {Phys. Rev.},
	Month = {Aug},
	Pages = {257--257},
	Publisher = {American Physical Society},
	Title = {Errata: Theory of Dipole Interaction in Crystals [Phys. Rev. 70, 954 (1946)]},
	Volume = {72},
	Year = {1947},
	}
@article{Nagai60,
	Author = {Nagai, Ojiro and Nakamura, Tuto},
	Journal = {Progr. Theoret. Phys.},
	Number = {2},
	Pages = {432-454},
	Title = {Quadrupole Interaction in Crystals},
	Volume = {24},
	Year = {1960},
	}

@article{Nagai63,
	Author = {Nagai, Ojiro and Nakamura, Tuto},
	Journal = {Progr. Theoret. Phys.},
	Number = {3},
	Pages = {412},
	Title = {Quadrupole Interaction in Crystals},
	Volume = {30},
	Year = {1963},
	}

@incollection{Wolf95,
	Author = {Wolf, D.},
	Booktitle = {Computer Simulation Studies in Condensed-Matter Physics VIII},
	Editor = {Landau, DavidP. and Mon, K.K. and Sch{\"u}ttler, Heinz-Bernd},
	Isbn = {978-3-642-79993-8},
	Pages = {57-68},
	Publisher = {Springer Berlin Heidelberg},
	Series = {Springer Proceedings in Physics},
	Title = {Simulation of Ionic Surfaces from an Absolutely Convergent Solution of the Madelung Problem},
	Volume = {80},
	Year = {1995},
	}

@article{Wolf92,
	Author = {Wolf, Dieter},
	Journal = "Phys. Rev. Lett.",
	Number = {22},
	Pages = {3315--3318},
	Title = {Reconstruction of NaCl surfaces from a dipolar solution to the Madelung problem},
	Volume = {68},
	Year = {1992}}

@article{Wu05,
	Author = {Xiongwu Wu and Bernard R. Brooks},
	Eid = {044107},
	Journal = "J. Chem. Phys.",
	Number = {4},
	Numpages = {18},
	Pages = {044107},
	Publisher = {Aip},
	Title = {Isotropic Periodic Sum: A Method for the Calculation of Long-Range Interactions},
	Volume = {122},
	Year = {2005},
	}

@article{Dullweber97,
	Author = {A. Dullweber and B. Leimkuhler and R. McLachlan},
	Journal = "J. Chem. Phys.",
	Number = 15,
	Pages = {5840-5851},
	Title = {Symplectic splitting methods for rigid body molecular dynamics},
	Volume = 107,
	Year = 1997}

@article{Impey82,
	Author = {R.~W. Impey and P.~A. Madden and I.~R. McDonald},
	Journal = "Mol. Phys.",
	Number = {3},
	Pages = {513-539},
	Title = {Spectroscopic and transport properties of water: \uppercase{M}odel calculations and the interpretation of experimental results},
	Volume = {46},
	Year = {1982}}

@article{Kirkwood39,
   author = "Kirkwood, John G.",
   title = "The Dielectric Polarization of Polar Liquids",
   journal = "J. Chem. Phys.",
   year = "1939",
   volume = "7",
   number = "10", 
   pages = "911-919",
}

@article{Onsagar36,
author = {Lars Onsager},
title = {Electric Moments of Molecules in Liquids},
journal = {J. Am. Chem. Soc.},
volume = {58},
number = {8},
pages = {1486-1493},
year = {1936},
}

@article{NeumannI83,
	Author = {Neumann, Martin},
	Journal = {Mol. Phys.},
	Number = {4},
	Pages = {841-858},
	Title = {Dipole moment fluctuation formulas in computer simulations of polar systems},
	Volume = {50},
	Year = {1983},
	}



@article{NeumannII83,
	Author = {M. Neumann and O. Steinhauser},
	Journal = {Chem. Phys. Lett.},
	Number = {4--5},
	Pages = {417 - 422},
	Title = {On the calculation of the dielectric constant using the Ewald-Kornfeld tensor},
	Volume = {95},
	Year = {1983},
	}

@article{Neumann84,
	Author = {M. Neumann and O. Steinhauser and G.~S. Pawley},
	Journal = "Mol. Phys.",
	Number = {1},
	Pages = {97-113},
	Title = {Consistent calculation of the static and frequency-dependent dielectric constant in computer simulations},
	Volume = {52},
	Year = {1984}}
@article{Neumann85,
	Author = {M. Neumann},
	Journal = "J. Chem. Phys.",
	Number = {12},
	Pages = {5663-5672},
	Title = {The dielectric constant of water. \uppercase{C}omputer simulations with the \uppercase{MCY} potential},
	Volume = {82},
	Year = {1985}}
@article{Horn04,
	Author = {H.~W. Horn and W.~C. Swope and J.~W. Pitera and J.~D. Madura and T.~J. Dick and G.~L. Hura and T. Head-Gordon},
	Journal = "J. Chem. Phys.",
	Number = {20},
	Pages = {9665-9678},
	Title = {Development of an improved four-site water model for biomolecular simulations: \uppercase{TIP4P-E}w},
	Volume = {120},
	Year = {2004},
	}


@article{LoganI81,
author = { David E.   Logan },
title = {On the dielectric theory of fluids},
journal = {Mol. Phys.},
volume = {44},
number = {6},
pages = {1271-1295},
year = {1981},
}

@article{LoganII82,
author = { David E.   Logan },
title = {On the dielectric theory of fluids},
journal = {Mol. Phys.},
volume = {46},
number = {2},
pages = {271-285},
year = {1982},
}
@article{LoganIII82,
author = { David E.   Logan },
title = {On the dielectric theory of fluids},
journal = {Mol. Phys.},
volume = {46},
number = {6},
pages = {1155-1194},
year = {1982},
}

@article{Izvekov08,
	Author = {Izvekov, Sergei and Swanson, Jessica M. J. and Voth, Gregory A.},
	Journal = "J. Phys. Chem. B",
	Pages = {4711-4724},
	Publisher = {AMER CHEMICAL SOC},
	Title = {Coarse-graining in interaction space: A systematic approach for replacing long-range electrostatics with short-range Potentials},
	Volume = {112},
	Year = {2008},
	}



@article{Ernst92,
  title = {Quadrupolar susceptibility of complex fluids},
  author = {Ernst, Richard M. and Wu, Lei and Liu, Chu Heng and Nagel, Sidney R. and Neubert, Mary E.},
  journal = {Phys. Rev. B},
  volume = {45},
  pages = {667--672},
  year = {1992},
  month = {Jan},
  publisher = {American Physical Society},
}

@article{JeonI03,
   author = "Jeon, Jonggu and Kim, Hyung J.",
   title = "A continuum theory of solvation in quadrupolar solvents. I. Formulation",
   journal = "J. Chem. Phys.",
   year = "2003",
   volume = "119",
   number = "16", 
   pages = "8606-8625",
}
@article{JeonII03,
   author = "Jeon, Jonggu and Kim, Hyung J.",
   title = "A continuum theory of solvation in quadrupolar solvents. II. Solvation free energetics, dynamics, and solvatochromism",
   journal = "J. Chem. Phys.",
   year = "2003",
   volume = "119",
   number = "16", 
   pages = "8626-8635", 
}
@article{Chitanvis96,
   author = "Chitanvis, Shirish M.",
   title = "A continuum solvation theory of quadrupolar fluids",
   journal = "J. Chem. Phys.",
   year = "1996",
   volume = "104",
   number = "22", 
   pages = "9065-9074",
}
@book{Jackson98,
    abstract = {{A revision of the defining book covering the physics and classical  mathematics necessary to understand electromagnetic fields in materials  and at surfaces and interfaces. The third edition has been revised to  address the changes in emphasis and applications that have occurred in the past twenty years.  }},
    author = {Jackson, John D.},
    edition = {Third},
    howpublished = {Hardcover},
    month = aug,
    posted-at = {2009-06-17 19:29:28},
    priority = {2},
    publisher = {Wiley},
    title = {{Classical Electrodynamics Third Edition}},
    year = {1998}
}

@article{AduGyamfi78,
title = "On the electric quadrupole density of an isotropic non-polar fluid",
journal = "Physica A",
volume = "93",
number = "3",
pages = "553 - 558",
year = "1978",
note = "",
author = "D. Adu-Gyamfi",
}

@article{AduGyamfi81,
title = "On the average moments of a polar molecule in a non-uniform electric field ",
journal = "Physica A",
volume = "108",
number = "1",
pages = "205 - 210",
year = "1981",
note = "",
author = "D. Adu-Gyamfi",
}

@article{Stern-Feller03,
   author = "Stern, Harry A. and Feller, Scott E.",
   title = "Calculation of the dielectric permittivity profile for a nonuniform system: Application to a lipid bilayer simulation",
   journal = "J. Chem. Phys.",
   year = "2003",
   volume = "118",
   number = "7", 
   pages = "3401-3412",
}

@article{SalvchovI14,
   author = "Slavchov, Radomir I. and Ivanov, Tzanko I.",
   title = "Quadrupole terms in the Maxwell equations: Born energy, partial molar volume, and entropy of ions",
   journal = "J. Chem. Phys.",
   year = "2014",
   volume = "140",
   number = "7", 
   eid = 074503,
   pages = "074503",
}
@article{SalvchovII14,
   author = "Slavchov, Radomir I.",
   title = "Quadrupole terms in the Maxwell equations: Debye-Hückel theory in quadrupolarizable solvent and self-salting-out of electrolytes",
   journal = "J. Chem. Phys.",
   year = "2014",
   volume = "140",
   number = "16", 
   eid = 164510,
   pages = "164510",
}
@article{Stern03,
   author = "Stern, Harry A. and Feller, Scott E.",
   title = "Calculation of the dielectric permittivity profile for a nonuniform system: Application to a lipid bilayer simulation",
   journal = "J. Chem. Phys.",
   year = "2003",
   volume = "118",
   number = "7", 
   pages = "3401-3412",
}

@article {Wilfred07,
author = {Trzesniak, Daniel and Kunz, Anna-Pitschna E. and van Gunsteren, Wilfred F.},
title = {A Comparison of Methods to Compute the Potential of Mean Force},
journal = {ChemPhysChem},
volume = {8},
number = {1},
publisher = {WILEY-VCH Verlag},
pages = {162--169},
year = {2007},
}

@book{openmd,
	Author = {J. Daniel Gezelter and Madan Lamichhane and Joseph Michalka and Patrick Louden and Kelsey M. Stocker and Shenyu Kuang and James Marr and Chunlei Li and Charles F. Vardeman and Teng Lin and Christopher J. Fennell and Xiuquan Sun and Kyle Daily and Yang Zheng and Matthew A. Meineke},
	Date-Added = {2016-03-28 15:39:28 +0000},
	Date-Modified = {2016-04-08 20:52:20 +0000},
	Publisher = {An open source molecular dynamics engine},
	Title = {OpenMD},
	Year = {version 2.4, {\tt http://openmd.org} (accessed 4/8/2016)},
	}

@article{Meineke05,
	Author = {M.~A. Meineke and C.~F. {Vardeman II} and T. Lin and C.~J. Fennell and J.~D. Gezelter},
	Journal = {J. Comp. Chem.},
	Pages = {252-271},
	Title = {OOPSE: An Open Source Object-Oriented Parallel Simulation Engine for Molecular Dynamics},
	Volume = 26,
	Year = 2005}

@article{Torres-del-Castillo:2006uo,
	Author = {Torres del Castillo, G. F. and M\'{e}ndez Garrido, A.},
	Journal = {Revista Mexicana de F\'{i}sica},
	Number = {6},
	Pages = {501-506},
	Title = {Torques on Quadrupoles},
	Volume = {52},
	Year = {2006}}


@article{Adams81,
	Author = {Adams, D.J. and Adams, E.M.},
	Journal = {Mol. Phys.},
	Number = {4},
	Pages = {907-926},
	Title = {Static dielectric properties of the Stockmayer fluid from computer simulation},
	Volume = {42},
	Year = {1981},
	}

@article{Adams80,
	Author = {Adams, D.J.},
	Journal = {Mol. Phys.},
	Number = {5},
	Pages = {1261-1271},
	Title = {Computer simulation of highly polar liquids: The hard sphere plus point dipole potential},
	Volume = {40},
	Year = {1980},
	}

@article{PaperI,
	Author = {Lamichhane, Madan and Gezelter, J. Daniel and Newman, Kathie E.},
	Journal = {J. Chem. Phys.},
	Number = {13},
	Pages = {134109},
	Title = {Real space electrostatics for multipoles. I. Development of methods},
	Volume = {141},
	Year = {2014},
	}

@article{PaperII,
	Author = {Lamichhane, Madan and Newman, Kathie E. and Gezelter, J. Daniel},
	Date-Modified = {2016-04-08 17:41:15 +0000},
	Doi = {http://dx.doi.org/10.1063/1.4896628},
	Eid = 134110,
	Journal = {J. Chem. Phys.},
	Number = {13},
	Pages = {134110},
	Title = {Real space electrostatics for multipoles. II. Comparisons with the Ewald sum},
	Volume = {141},
	Year = {2014},
	}

@article{Lacman65,
	Author = {Lacman, R.},
	Journal = {Colloq. Int. CNRS},
	Pages = {195},
	Title = {Adsorption et croissance cristalline: Nancy, 6-12 Juin 1965},
	Volume = 152,
	Year = {1965}}

@article{Fisher53,
	Author = {Fisher, Ronald},
	Journal = {Proc. R. Soc. Lond. A},
	Number = {1130},
	Pages = {295-305},
	Title = {Dispersion on a Sphere},
	Volume = {217},
	Year = {1953},
	}

@article{Allen91,
	Author = {Allen, F. H. and Doyle, M. J. and Taylor, R.},
	Journal = {Acta Cryst. B},
	Month = {Feb},
	Number = {1},
	Pages = {29--40},
	Title = {{Automated conformational analysis from crystallographic data. 1. A symmetry-modified single-linkage clustering algorithm for three-dimensional pattern recognition}},
	Volume = {47},
	Year = {1991},
	}
@article{Fixman:1974fk,
	Abstract = {A classical system of mass points subject to holonomic constraints has a kinetic energy dependent on the coordinates as well as the moments of the remaining degrees of freedom. Coordinate averages formed in the reduced space of unconstrained coordinates and their conjugate momenta then involve a metric determinant that may be difficult to evaluate. A theorem is derived that permits a relatively easy evaluation when the constraints are distances between particles, and an application is made to a Kramers type freely jointed chain.},
	Author = {Fixman, Marshall},
	Date-Added = {2016-03-28 14:03:50 +0000},
	Date-Modified = {2016-04-08 17:47:34 +0000},
	Journal = {Proc. Natl. Acad. Sci. USA},
	Number = {8},
	Pages = {3050-3053},
	Title = {Classical Statistical Mechanics of Constraints: A Theorem and Application to Polymers},
	Url = {http://www.pnas.org/content/71/8/3050.abstract},
	Volume = {71},
	Year = {1974},
	Bdsk-Url-1 = {http://www.pnas.org/content/71/8/3050.abstract}}

@article{Adams76,
author = { D. J.   Adams  and  I. R.   McDonald },
title = {Thermodynamic and dielectric properties of polar lattices},
journal = {Molecular Physics},
volume = {32},
number = {4},
pages = {931-947},
year = {1976},
doi = {10.1080/00268977600102351},

URL = { 
        http://dx.doi.org/10.1080/00268977600102351
    
},
eprint = { 
        http://dx.doi.org/10.1080/00268977600102351
    
}

}
@book{Morse:1946zr,
	Author = {Morse, P.M.C. and Feshbach, H.},
	Date-Added = {2016-04-10 13:46:34 +0000},
	Date-Modified = {2016-04-12 17:45:34 +0000},
	Publisher = {Technology Press},
	Title = {{Methods of Theoretical Physics}},
	Url = {https://books.google.com/books?id=CSxWAAAAMAAJ},
	Year = {1946},
	Bdsk-Url-1 = {https://books.google.com/books?id=CSxWAAAAMAAJ}}

@book{Morse:1953ys,
	Author = {Morse, P.M.C. and Feshbach, H.},
	Date-Added = {2016-04-10 13:45:24 +0000},
	Date-Modified = {2016-04-10 13:45:24 +0000},
	Lccn = {52011515},
	Number = {v. 2},
	Publisher = {McGraw-Hill},
	Series = {International series in pure and applied physics},
	Title = {Methods of theoretical physics},
	Url = {https://books.google.com/books?id=DvZQAAAAMAAJ},
	Year = {1953},
	Bdsk-Url-1 = {https://books.google.com/books?id=DvZQAAAAMAAJ}}
@book{Stone:1997ly,
	Author = {Stone, A.J.},
	Date-Added = {2016-04-10 13:53:00 +0000},
	Date-Modified = {2016-04-10 13:53:00 +0000},
	Isbn = {9780198558835},
	Lccn = {96008025},
	Publisher = {Clarendon Press},
	Series = {International Series of Monographs on Chemistry},
	Title = {The Theory of Intermolecular Forces},
	Url = {https://books.google.com/books?id=nQvhXDVnmowC},
	Year = {1997},
	Bdsk-Url-1 = {https://books.google.com/books?id=nQvhXDVnmowC}}

@book{Arfkan,
	Author = {Arfken, George B. and Weber, Hans J. and Harris, Frank E.},
	Citeulike-Article-Id = {1816367},
	Citeulike-Linkout-0 = {http://www.amazon.ca/exec/obidos/redirect?tag=citeulike09-20\&amp;path=ASIN/0120598760},
	Citeulike-Linkout-1 = {http://www.amazon.de/exec/obidos/redirect?tag=citeulike01-21\&amp;path=ASIN/0120598760},
	Citeulike-Linkout-2 = {http://www.amazon.fr/exec/obidos/redirect?tag=citeulike06-21\&amp;path=ASIN/0120598760},
	Citeulike-Linkout-3 = {http://www.amazon.jp/exec/obidos/ASIN/0120598760},
	Citeulike-Linkout-4 = {http://www.amazon.co.uk/exec/obidos/ASIN/0120598760/citeulike00-21},
	Citeulike-Linkout-5 = {http://www.amazon.com/exec/obidos/redirect?tag=citeulike07-20\&path=ASIN/0120598760},
	Citeulike-Linkout-6 = {http://www.worldcat.org/isbn/0120598760},
	Citeulike-Linkout-7 = {http://books.google.com/books?vid=ISBN0120598760},
	Citeulike-Linkout-8 = {http://www.amazon.com/gp/search?keywords=0120598760\&index=books\&linkCode=qs},
	Citeulike-Linkout-9 = {http://www.librarything.com/isbn/0120598760},
	Date-Modified = {2016-04-12 17:49:09 +0000},
	Day = {05},
	Edition = {6},
	Howpublished = {Hardcover},
	Isbn = {0120598760},
	Keywords = {mathematical-physics},
	Month = jul,
	Posted-At = {2009-05-18 14:56:01},
	Priority = {2},
	Publisher = {Academic Press},
	Title = {{Mathematical Methods for Physicists}},
	Url = {http://www.amazon.com/exec/obidos/redirect?tag=citeulike07-20\&path=ASIN/0120598760},
	Year = {2005},
	Bdsk-Url-1 = {http://www.amazon.com/exec/obidos/redirect?tag=citeulike07-20%5C&path=ASIN/0120598760}}

@book{Raab:2004ve,
	Author = {Raab, R.E. and de Lange, O.L.},
	Date-Added = {2016-04-12 14:09:31 +0000},
	Date-Modified = {2016-04-12 17:44:01 +0000},
	Isbn = {9780198567271},
	Lccn = {2005297163},
	Publisher = {OUP Oxford},
	Series = {International Series of Monographs on Physics},
	Title = {Multipole Theory in Electromagnetism: Classical, quantum, and symmetry aspects, with applications},
	Url = {https://books.google.com/books?id=V4lO6gBY6SgC},
	Year = {2004},
	Bdsk-Url-1 = {https://books.google.com/books?id=V4lO6gBY6SgC}}

@article{Stenqvist:2015ph,
   author = "Stenqvist, Björn and Trulsson, Martin and Abrikosov, Alexei I. and Lund, Mikael",
   title = "Direct summation of dipole-dipole interactions using the Wolf formalism",
   journal = "J. Chem. Phys.",
   year = "2015",
   volume = "143",
   number = "1", 
   eid = 014109,
   pages = "014109",
}

